<record xmlns:xsi="http://www.w3.org/2001/XMLSchema-instance" xmlns="http://www.loc.gov/MARC21/slim" xsi:schemaLocation="http://www.loc.gov/MARC21/slim http://www.loc.gov/standards/marcxml/schema/MARC21slim.xsd">

  <leader>00075nam a2200049Ia 4500</leader>
  <datafield ind1=" " tag="999" ind2=" ">
    <subfield code="c">1422</subfield>
    <subfield code="d">1422</subfield>
  </datafield>
  <controlfield tag="008">171010b2016    cr a|||| |||| 00| | spa d</controlfield>
  <datafield tag="090" ind1=" " ind2=" ">
    <subfield code="a">06.03.04</subfield>
    <subfield code="b">2424</subfield>
  </datafield>
  <datafield ind1="1" tag="100" ind2=" ">
    <subfield code="9">3229</subfield>
    <subfield code="a">Alfaro Rojas, Lucrecia</subfield>
  </datafield>
  <datafield tag="245" ind1="1" ind2="0">
    <subfield code="a">Construcción y validación del banco de ítems para la prueba examen de conocimientos generales en medicina (ECGM) empleada para el ingreso al programa de posgrado en especialidades médicas /</subfield>
    <subfield code="c">Lucrecia Alfaro Rojas, Natalia Salas Segreda, María Paula Villarreal Galera</subfield>
  </datafield>
  <datafield tag="260" ind1=" " ind2=" ">
    <subfield code="a">[San José, Costa Rica ] :</subfield>
    <subfield code="b">INIE,</subfield>
    <subfield code="c">2016</subfield>
  </datafield>
  <datafield ind2=" " tag="300" ind1=" ">
    <subfield code="a">1 volumen (varias paginaciones);</subfield>
    <subfield code="b">ilustraciones</subfield>
  </datafield>
  <datafield tag="500" ind1=" " ind2=" ">
    <subfield code="a">Informe final Proyecto de investigación Nº 724-B5-A79</subfield>
  </datafield>
  <datafield ind2="4" ind1="1" tag="650">
    <subfield code="9">3230</subfield>
    <subfield code="a">EDUCACIÓN SANITARIA</subfield>
  </datafield>
  <datafield ind2="4" tag="650" ind1="1">
    <subfield code="9">629</subfield>
    <subfield code="a">PRUEBAS</subfield>
  </datafield>
  <datafield ind2="4" tag="650" ind1="1">
    <subfield code="9">426</subfield>
    <subfield code="a">MANUALES </subfield>
  </datafield>
  <datafield ind1="1" tag="700" ind2=" ">
    <subfield code="9">3231</subfield>
    <subfield code="a">Salas Segreda, Natalia</subfield>
  </datafield>
  <datafield tag="700" ind1="1" ind2=" ">
    <subfield code="9">3232</subfield>
    <subfield code="a">Villarreal Galera, María Paula</subfield>
  </datafield>
  <datafield ind2=" " ind1=" " tag="942">
    <subfield code="2">z</subfield>
    <subfield code="c">04</subfield>
  </datafield>
</record>